
@online{disparity_matlab,
  author = {Matlab},
  title = {disparitySGM},
  url = {https://www.mathworks.com/help/vision/ref/disparitysgm.html#mw_25d20dc4-4106-4c08-ac98-dae75768f771_head}
}